@book{eiben-smith,
  language = {eng},
  address = {Berlin, Heidelberg},
  author = {Eiben, A.E. and Smith, J.E.},
  series = {Natural Computing Series},
  publisher = {Springer, Berlin, Heidelberg},
  isbn = {978-3-662-44873-1},
  year = {2015},
  title = {Introduction to Evolutionary Computing},
  edition = {2nd edition},
  pages = {XII, 287},
}
